<?xml version="1.0" encoding="UTF-8"?><collection><record><leader>05595ntm a2200649 a 4500</leader><controlfield tag="001">006834024</controlfield><controlfield tag="003">MiAaHDL</controlfield><controlfield tag="005">20190719000000.0</controlfield><controlfield tag="006">m        d        </controlfield><controlfield tag="007">cr bn ---auaua</controlfield><controlfield tag="008">090702s193u    xx            00| ||ara d</controlfield><datafield tag="035" ind1=" " ind2=" "><subfield code="a">(MiU)006834024</subfield></datafield><datafield tag="035" ind1=" " ind2=" "><subfield code="a">sdr-miu006834024</subfield></datafield><datafield tag="040" ind1=" " ind2=" "><subfield code="a">MiU</subfield><subfield code="c">MiU</subfield><subfield code="e">amremm</subfield></datafield><datafield tag="043" ind1=" " ind2=" "><subfield code="a">n-us-mi</subfield></datafield><datafield tag="100" ind1="1" ind2=" "><subfield code="6">880-01</subfield><subfield code="a">Kāshānī, Maḥmūd ibn ʻAlī,</subfield><subfield code="d">-1334 or 1335.</subfield></datafield><datafield tag="240" ind1="1" ind2="0"><subfield code="6">880-02</subfield><subfield code="a">Kashf al-wujūh al-ghurr li-maʻānī Naẓm al-durr.</subfield><subfield code="k">Selections</subfield></datafield><datafield tag="245" ind1="1" ind2="0"><subfield code="6">880-03</subfield><subfield code="a">Kashf al-wujūh al-ghurr li-maʻānī Naẓm al-durr :</subfield><subfield code="b">sharḥ Tāʼīyat Ibn al-Fāriḍ al-kubrá al-mushtahirah bi-Naẓm al-sulūk,</subfield><subfield code="f">[193-?].</subfield></datafield><datafield tag="246" ind1="3" ind2="4"><subfield code="a">ابن الفارض</subfield></datafield><datafield tag="246" ind1="3" ind2=" "><subfield code="i">Title from inscription on 'title page' (p.1):</subfield><subfield code="a">شرح تائية ابن الفارض</subfield></datafield><datafield tag="260" ind1=" " ind2=" "><subfield code="c">[193-?].</subfield></datafield><datafield tag="300" ind1=" " ind2=" "><subfield code="a">18 leaves :</subfield><subfield code="b">paper ;</subfield><subfield code="c">167 x 115 mm. bound to 175 x 120 mm.</subfield></datafield><datafield tag="500" ind1=" " ind2=" "><subfield code="a">Shelfmark: Ann Arbor, University of Michigan, Special Collections Library, Isl. Ms. 1000</subfield></datafield><datafield tag="500" ind1=" " ind2=" "><subfield code="a">Origin: Lacks dated colophon ; likely copied in Egypt in the late 1930s and bound for James Heyworth-Dunne (d.1974).</subfield></datafield><datafield tag="500" ind1=" " ind2=" "><subfield code="a">Former shelfmark: Mich. Isl. Ms. temp. no. 149</subfield></datafield><datafield tag="500" ind1=" " ind2=" "><subfield code="a">Binding: Boards covered in black textured cloth ; pastedowns and flyleaves in wove paper printed with a geometric pattern (resembling a scale pattern) in a light brown / dull gold color ; cover gold-stamped with "ابن الفارض" ; sewn in cream thread over two recessed cords ; overall in fairly good condition.</subfield></datafield><datafield tag="500" ind1=" " ind2=" "><subfield code="a">Support: Lined / ruled wove paper, dark cream in color.</subfield></datafield><datafield tag="500" ind1=" " ind2=" "><subfield code="a">Decoration: Headings rubricated.</subfield></datafield><datafield tag="500" ind1=" " ind2=" "><subfield code="a">Script: Naskh with influence of ruqʻah ; modern hand in a medium line ; partially but irregularly seriffed with effect of tilt to the left, slight effect of words descending to baseline, curvilinear descenders, open and closed counters, pointing in strokes or conjoined dots (typically oriented vertically), final yāʼ usually unpointed ; some passages in ruqʻah (see p.33 and p.36).</subfield></datafield><datafield tag="500" ind1=" " ind2=" "><subfield code="a">Layout: Written in 15-30 lines per page.</subfield></datafield><datafield tag="500" ind1=" " ind2=" "><subfield code="a">Collation: i, IV (8), III (14), II (18), i ; Pagination in pencil, Western numerals, supplied during digitization.</subfield></datafield><datafield tag="500" ind1=" " ind2=" "><subfield code="a">Explicit: [Kashf al-wujūh al-ghurr] "والتشبيه والاتحاد والحلول ومحوها كلها تدل على كثرة ما" ; [ʻUqlat al-mustawfiz] "بين الهواء والتراب وجعل الهواء بين الماء والنار صف ٨٧ باب النكاح والتوالد ٩٤ باب نشاة الانسان الاول"</subfield></datafield><datafield tag="500" ind1=" " ind2=" "><subfield code="a">Incipit: [Kashf al-wujūh al-ghurr] "الحمد لله الذي فلق بقدرته صبح الوجود عن دليلا وفتق بحكمته رتق الجمع في عين القدم ... اما بعد فمما شاع بين الناس ذكره وذاع امره ان انفع العلوم وارفعها بل صفاوتها ونقاوتها علم التوحيد ..." ; [ʻUqlat al-mustawfiz] "الحمد لله الواجب الذي افتتح وجود السوى بالارواح المهيمة المخلوقة بل المبدعة من فيض السبحات ..."</subfield></datafield><datafield tag="500" ind1=" " ind2=" "><subfield code="a">Title from rubricated heading at opening on p.2.</subfield></datafield><datafield tag="500" ind1=" " ind2=" "><subfield code="a">Ms. codex.</subfield></datafield><datafield tag="505" ind1="0" ind2=" "><subfield code="a">2. p.32-p.36 : [opening excerpts from ʻUqlat al-mustawfiz] / Ibn ʻArabī.</subfield></datafield><datafield tag="505" ind1="0" ind2=" "><subfield code="a">1. p.1-p.31 : Kashf al-wujūh al-ghurr li-maʻānī Naẓm al-durr / ʻIzz al-Dīn Maḥmūd ibn ʻAlī al-Kāshānī.</subfield></datafield><datafield tag="510" ind1="4" ind2=" "><subfield code="a">Ibn al-ʻArabī. Rasāʼil Ibn ʻArabī : al-Quṭb wa-al-nuqabāʼ wa-ʻAqlat al-mustawfiz wa-risālat al-anwār wa-al-Tadbīrāt al-Ilāhīyah wa-rasāʼil urkhrá, ed. Saʻīd ʻAbd al-Fattāḥ. (Bayrūt : al-Intishār al-ʻArabī, 2002),</subfield><subfield code="c">62 ff.</subfield></datafield><datafield tag="510" ind1="4" ind2=" "><subfield code="a">Brockelmann, C. GAL,</subfield><subfield code="c">I 442 (no. 25)</subfield></datafield><datafield tag="510" ind1="4" ind2=" "><subfield code="a">Brockelmann, C. GAL,</subfield><subfield code="c">I 262 (6/1. Cmt. c) ; S I 462 ff.</subfield></datafield><datafield tag="520" ind1="8" ind2=" "><subfield code="a">Careful though incomplete copy of the commentary by ʻIzz al-Dīn al-Kāshānī (d.1334) on Ibn al-Fāriḍ's (d.1235) Naẓm al-sulūk or al-Tāʼīyah al-kubrá, followed by opening excerpts from ʻUqlat al-mustawfiz of Ibn ʻArabī (d.1240).</subfield></datafield><datafield tag="538" ind1=" " ind2=" "><subfield code="a">Mode of access: Internet.</subfield></datafield><datafield tag="541" ind1=" " ind2=" "><subfield code="a">Acquired in the Fall of 1950.</subfield></datafield><datafield tag="546" ind1=" " ind2=" "><subfield code="a">Arabic.</subfield></datafield><datafield tag="561" ind1=" " ind2=" "><subfield code="a">On upper pastedown label with ex libris of James Heyworth-Dunne (d.1974), stamped with inventory number, "Ex Libris | J. Heyworth-Dunne | D. Lit. (London) | No. 8428" ; UM Library inscription at opening on p.2 "Dunning | Heyworth-Dunne | 6-12-51 | 71955."</subfield></datafield><datafield tag="600" ind1="1" ind2="0"><subfield code="a">Ibn al-Fāriḍ, ʻUmar ibn ʻAlī,</subfield><subfield code="d">1181 or 1182-1235.</subfield><subfield code="t">Naẓm al-sulūk.</subfield></datafield><datafield tag="650" ind1=" " ind2="0"><subfield code="a">Manuscripts, Arabic</subfield><subfield code="z">Michigan</subfield><subfield code="z">Ann Arbor.</subfield></datafield><datafield tag="650" ind1=" " ind2="0"><subfield code="a">Sufi poetry, Arabic</subfield><subfield code="x">History and criticism</subfield><subfield code="v">Early works to 1800.</subfield></datafield><datafield tag="650" ind1=" " ind2="0"><subfield code="a">Sufism</subfield><subfield code="x">Doctrines</subfield><subfield code="v">Early works to 1800.</subfield></datafield><datafield tag="700" ind1="1" ind2=" "><subfield code="a">Heyworth-Dunne, J.</subfield><subfield code="q">(James),</subfield><subfield code="e">former owner.</subfield></datafield><datafield tag="700" ind1="0" ind2="2"><subfield code="6">880-05</subfield><subfield code="a">Ibn al-ʻArabī,</subfield><subfield code="d">1165-1240.</subfield><subfield code="t">ʻUqlat al-mustawfiz.</subfield><subfield code="k">Selections.</subfield></datafield><datafield tag="740" ind1="0" ind2="2"><subfield code="a">ʻAqlat al-mustawfiz</subfield></datafield><datafield tag="773" ind1="0" ind2=" "><subfield code="a">Heyworth-Dunne Collection.</subfield></datafield><datafield tag="880" ind1="0" ind2="2"><subfield code="6">700-05/</subfield><subfield code="a">ابن العربي.</subfield><subfield code="t">عقلة المستوفز.</subfield><subfield code="k">مختارات.</subfield></datafield><datafield tag="880" ind1="1" ind2="0"><subfield code="6">245-03/</subfield><subfield code="a">كشف الوجوه الغر لمعاني نظم الدر :</subfield><subfield code="b">شرح تائية ابن الفارض الكبرى المشتهرة بنظم السلوك,</subfield><subfield code="f">[193-م?].</subfield></datafield><datafield tag="880" ind1="1" ind2="0"><subfield code="6">240-02/</subfield><subfield code="a">كشف الوجوه الغر لمعاني نظم الدر.</subfield><subfield code="k">مختارات</subfield></datafield><datafield tag="880" ind1="0" ind2=" "><subfield code="6">100-01/</subfield><subfield code="a">كاشاني، محمود بن علي.</subfield></datafield><datafield tag="CID" ind1=" " ind2=" "><subfield code="a">006834024</subfield></datafield><datafield tag="DAT" ind1="0" ind2=" "><subfield code="a">20190719102641.0</subfield><subfield code="b">20190719000000.0</subfield></datafield><datafield tag="DAT" ind1="1" ind2=" "><subfield code="a">20190719090653.0</subfield><subfield code="b">2019-07-19T16:12:13Z</subfield></datafield><datafield tag="DAT" ind1="2" ind2=" "><subfield code="a">2015-10-10T18:00:06Z</subfield></datafield><datafield tag="CAT" ind1=" " ind2=" "><subfield code="a">SDR-MIU</subfield><subfield code="d">EX LIBRIS - ALEPH</subfield><subfield code="l">prepare.pl-004-008</subfield></datafield><datafield tag="FMT" ind1=" " ind2=" "><subfield code="a">BK</subfield></datafield><datafield tag="HOL" ind1=" " ind2=" "><subfield code="0">sdr-miu006834024</subfield><subfield code="a">MiU</subfield><subfield code="b">SDR</subfield><subfield code="c">MIU</subfield><subfield code="p">mdp.39015079131879</subfield><subfield code="s">MIU</subfield><subfield code="1">006834024</subfield></datafield><datafield tag="974" ind1=" " ind2=" "><subfield code="b">MIU</subfield><subfield code="c">MIU</subfield><subfield code="d">20190719</subfield><subfield code="s">lit-dlps-dc</subfield><subfield code="u">mdp.39015079131879</subfield><subfield code="y">1939</subfield><subfield code="r">ic-world</subfield><subfield code="q">man</subfield></datafield></record></collection>